<?xml version="1.0" encoding="UTF-8"?>
  <record xmlns="http://www.loc.gov/MARC21/slim" type="Authority">
    <leader>00000nz  a2200000oc 4500</leader>
    <controlfield tag="001">1089687842</controlfield>
    <controlfield tag="003">DE-101</controlfield>
    <controlfield tag="005">20160427004754.0</controlfield>
    <controlfield tag="008">160311n||aznnnaabn           | aaa    |c</controlfield>
    <datafield tag="024" ind1="7" ind2=" ">
      <subfield code="a">1089687842</subfield>
      <subfield code="0">http://d-nb.info/gnd/1089687842</subfield>
      <subfield code="2">gnd</subfield>
    </datafield>
    <datafield tag="035" ind1=" " ind2=" ">
      <subfield code="a">(DE-101)1089687842</subfield>
    </datafield>
    <datafield tag="035" ind1=" " ind2=" ">
      <subfield code="a">(DE-588)1089687842</subfield>
    </datafield>
    <datafield tag="035" ind1=" " ind2=" ">
      <subfield code="z">(DE-588)1089710860</subfield>
    </datafield>
    <datafield tag="035" ind1=" " ind2=" ">
      <subfield code="z">(DE-588)105768449X</subfield>
    </datafield>
    <datafield tag="040" ind1=" " ind2=" ">
      <subfield code="a">CH-ZuETHN</subfield>
      <subfield code="c">CH-ZuETHN</subfield>
      <subfield code="9">r:CH-ZuETHN</subfield>
      <subfield code="b">ger</subfield>
      <subfield code="d">9999</subfield>
      <subfield code="e">kids</subfield>
      <subfield code="e">rda</subfield>
    </datafield>
    <datafield tag="042" ind1=" " ind2=" ">
      <subfield code="a">gnd3</subfield>
    </datafield>
    <datafield tag="043" ind1=" " ind2=" ">
      <subfield code="c">ZZ</subfield>
    </datafield>
    <datafield tag="075" ind1=" " ind2=" ">
      <subfield code="b">p</subfield>
      <subfield code="2">gndgen</subfield>
    </datafield>
    <datafield tag="075" ind1=" " ind2=" ">
      <subfield code="b">piz</subfield>
      <subfield code="2">gndspec</subfield>
    </datafield>
    <datafield tag="079" ind1=" " ind2=" ">
      <subfield code="a">g</subfield>
      <subfield code="q">a</subfield>
      <subfield code="q">f</subfield>
      <subfield code="q">e</subfield>
    </datafield>
    <datafield tag="100" ind1="1" ind2=" ">
      <subfield code="a">Ḳofman, Mosheh Yeḳutiʾel ben Avigdor Kats</subfield>
      <subfield code="d">ca. Ende 17. Jh. - Anfang 18. Jh.</subfield>
    </datafield>
    <datafield tag="400" ind1="1" ind2=" ">
      <subfield code="a">Ḳofman, Mosheh Yeḳutiʾel</subfield>
      <subfield code="c">Kohen</subfield>
      <subfield code="d">ca. Ende 17. Jh. - Anfang 18. Jh.</subfield>
      <subfield code="9">v:LCAuth</subfield>
    </datafield>
    <datafield tag="400" ind1="1" ind2=" ">
      <subfield code="a">Ḳofman, Mosheh Yeḳutiʾel Kohen</subfield>
      <subfield code="c">Rabbi</subfield>
      <subfield code="d">ca. Ende 17. Jh. - Anfang 18. Jh.</subfield>
    </datafield>
    <datafield tag="400" ind1="0" ind2=" ">
      <subfield code="a">Mosheh Yeḳutiʾel Ḳofman ben Avigdor ha-Kohen</subfield>
      <subfield code="d">ca. Ende 17. Jh. - Anfang 18. Jh.</subfield>
    </datafield>
    <datafield tag="400" ind1="0" ind2=" ">
      <subfield code="a">Jekutiel ben Avigdor Cohen</subfield>
      <subfield code="c">Rabbi</subfield>
      <subfield code="d">ca. Ende 17. Jh. - Anfang 18. Jh.</subfield>
    </datafield>
    <datafield tag="400" ind1="0" ind2=" ">
      <subfield code="a">Yeḳuti'el ben Avigdor</subfield>
      <subfield code="d">ca. Ende 17. Jh. - Anfang 18. Jh.</subfield>
    </datafield>
    <datafield tag="400" ind1="0" ind2=" ">
      <subfield code="a">Moses Jekuthiel</subfield>
      <subfield code="c">Rabbi</subfield>
      <subfield code="d">ca. Ende 17. Jh. - Anfang 18. Jh.</subfield>
    </datafield>
    <datafield tag="400" ind1="0" ind2=" ">
      <subfield code="a">Mosheh Yeḳutiʾel Ḳofman</subfield>
      <subfield code="d">ca. Ende 17. Jh. - Anfang 18. Jh.</subfield>
    </datafield>
    <datafield tag="400" ind1="0" ind2=" ">
      <subfield code="a">Mosheh Yeḳutiʾel Ḳofman ben Avigdor Kats</subfield>
      <subfield code="d">ca. Ende 17. Jh. - Anfang 18. Jh.</subfield>
    </datafield>
    <datafield tag="400" ind1="1" ind2=" ">
      <subfield code="a">Kats, Mosheh Yeḳutiʾel Ḳofman ben Avigdor</subfield>
      <subfield code="d">ca. Ende 17. Jh. - Anfang 18. Jh.</subfield>
    </datafield>
    <datafield tag="400" ind1="1" ind2=" ">
      <subfield code="a">Katz, Moses Jekutiel Kaufman ben Abigdor</subfield>
      <subfield code="d">ca. Ende 17. Jh. - Anfang 18. Jh.</subfield>
    </datafield>
    <datafield tag="400" ind1="0" ind2=" ">
      <subfield code="a">Jekuthiel ben Abigdor</subfield>
      <subfield code="d">ca. Ende 17. Jh. - Anfang 18. Jh.</subfield>
    </datafield>
    <datafield tag="400" ind1="0" ind2=" ">
      <subfield code="a">Jekutiel ben Abigdor</subfield>
      <subfield code="d">ca. Ende 17. Jh. - Anfang 18. Jh.</subfield>
    </datafield>
    <datafield tag="400" ind1="0" ind2=" ">
      <subfield code="a">Moses Jekutiel Kaufmann</subfield>
      <subfield code="d">ca. Ende 17. Jh. - Anfang 18. Jh.</subfield>
    </datafield>
    <datafield tag="400" ind1="1" ind2=" ">
      <subfield code="a">Kaufmann, Moses Jekutiel</subfield>
      <subfield code="d">ca. Ende 17. Jh. - Anfang 18. Jh.</subfield>
    </datafield>
    <datafield tag="400" ind1="1" ind2=" ">
      <subfield code="a">Kaufmann, Moses Jekuthiel</subfield>
      <subfield code="d">ca. Ende 17. Jh. - Anfang 18. Jh.</subfield>
    </datafield>
    <datafield tag="400" ind1="0" ind2=" ">
      <subfield code="a">Koffmann</subfield>
      <subfield code="d">ca. Ende 17. Jh. - Anfang 18. Jh.</subfield>
    </datafield>
    <datafield tag="400" ind1="1" ind2=" ">
      <subfield code="a">Ḳofman Kohen, Mosheh Yeḳutiʼel</subfield>
      <subfield code="d">ca. Ende 17. Jh. - Anfang 18. Jh.</subfield>
    </datafield>
    <datafield tag="400" ind1="0" ind2=" ">
      <subfield code="a">Mose Jekutiel Kaufmann ben Avigdor</subfield>
      <subfield code="d">ca. Ende 17. Jh. - Anfang 18. Jh.</subfield>
    </datafield>
    <datafield tag="400" ind1="0" ind2=" ">
      <subfield code="a">Moses Jekutiel Kaufmann Kohen ben Avigdor</subfield>
      <subfield code="d">ca. Ende 17. Jh. - Anfang 18. Jh.</subfield>
    </datafield>
    <datafield tag="400" ind1="0" ind2=" ">
      <subfield code="a">Kofmann</subfield>
      <subfield code="c">Kohen</subfield>
      <subfield code="d">ca. Ende 17. Jh. - Anfang 18. Jh.</subfield>
    </datafield>
    <datafield tag="400" ind1="0" ind2=" ">
      <subfield code="a">Moses Jekuthiel</subfield>
      <subfield code="d">ca. Ende 17. Jh. - Anfang 18. Jh.</subfield>
    </datafield>
    <datafield tag="400" ind1="1" ind2=" ">
      <subfield code="9">U:Hebr</subfield>
      <subfield code="a">כץ, משה יקותיאל קופמן בן אביגדור</subfield>
      <subfield code="d">ca. Ende 17. Jh. - Anfang 18. Jh.</subfield>
    </datafield>
    <datafield tag="400" ind1="1" ind2=" ">
      <subfield code="9">U:Hebr</subfield>
      <subfield code="a">קאופמן, משה יקותיאל</subfield>
      <subfield code="c">הכהן</subfield>
      <subfield code="d">ca. Ende 17. Jh. - Anfang 18. Jh.</subfield>
    </datafield>
    <datafield tag="400" ind1="1" ind2=" ">
      <subfield code="9">U:Hebr</subfield>
      <subfield code="a">קופמן, משה יקותיאל</subfield>
      <subfield code="d">ca. Ende 17. Jh. - Anfang 18. Jh.</subfield>
    </datafield>
    <datafield tag="400" ind1="1" ind2=" ">
      <subfield code="9">U:Hebr</subfield>
      <subfield code="a">קופמן, משה יקותיאל בן אביגדור</subfield>
      <subfield code="c">כהן</subfield>
      <subfield code="d">ca. Ende 17. Jh. - Anfang 18. Jh.</subfield>
    </datafield>
    <datafield tag="400" ind1="1" ind2=" ">
      <subfield code="9">U:Hebr</subfield>
      <subfield code="a">קופמן, משה יקותיאל</subfield>
      <subfield code="c">כהן</subfield>
      <subfield code="d">ca. Ende 17. Jh. - Anfang 18. Jh.</subfield>
    </datafield>
    <datafield tag="400" ind1="1" ind2=" ">
      <subfield code="9">U:Hebr</subfield>
      <subfield code="a">קויפמן, משה יקותיאל</subfield>
      <subfield code="d">ca. Ende 17. Jh. - Anfang 18. Jh.</subfield>
    </datafield>
    <datafield tag="400" ind1="1" ind2=" ">
      <subfield code="9">U:Hebr</subfield>
      <subfield code="a">קויפמן, משה יקותיאל ב״ר אביגדור כץ</subfield>
      <subfield code="d">ca. Ende 17. Jh. - Anfang 18. Jh.</subfield>
    </datafield>
    <datafield tag="400" ind1="1" ind2=" ">
      <subfield code="9">U:Hebr</subfield>
      <subfield code="a">קויפמן, משה יקותיאל</subfield>
      <subfield code="c">כהן</subfield>
      <subfield code="d">ca. Ende 17. Jh. - Anfang 18. Jh.</subfield>
    </datafield>
    <datafield tag="400" ind1="0" ind2=" ">
      <subfield code="9">U:Hebr</subfield>
      <subfield code="a">משה יקותיאל קופמאן בן אביגדור הכהן</subfield>
      <subfield code="d">ca. Ende 17. Jh. - Anfang 18. Jh.</subfield>
    </datafield>
    <datafield tag="500" ind1="1" ind2=" ">
      <subfield code="0">(DE-101)132564912</subfield>
      <subfield code="0">(DE-588)132564912</subfield>
      <subfield code="0">https://d-nb.info/gnd/132564912</subfield>
      <subfield code="a">Gombiner, Avraham Abele Ben-Ḥayim ha-Leṿi</subfield>
      <subfield code="d">1637-1683</subfield>
      <subfield code="4">bezf</subfield>
      <subfield code="4">https://d-nb.info/standards/elementset/gnd#familialRelationship</subfield>
      <subfield code="w">r</subfield>
      <subfield code="i">Beziehung familiaer</subfield>
      <subfield code="e">Beziehung familiaer</subfield>
      <subfield code="9">v:Schwiegervater</subfield>
    </datafield>
    <datafield tag="548" ind1=" " ind2=" ">
      <subfield code="a">ca. Ende 17. Jh. - Anfang 18. Jh.</subfield>
      <subfield code="4">datl</subfield>
      <subfield code="4">https://d-nb.info/standards/elementset/gnd#associatedDate</subfield>
      <subfield code="w">r</subfield>
      <subfield code="i">Lebensdaten</subfield>
    </datafield>
    <datafield tag="550" ind1=" " ind2=" ">
      <subfield code="0">(DE-101)041767519</subfield>
      <subfield code="0">(DE-588)4176751-2</subfield>
      <subfield code="0">https://d-nb.info/gnd/4176751-2</subfield>
      <subfield code="a">Rabbiner</subfield>
      <subfield code="4">berc</subfield>
      <subfield code="4">https://d-nb.info/standards/elementset/gnd#professionOrOccupation</subfield>
      <subfield code="w">r</subfield>
      <subfield code="i">Charakteristischer Beruf</subfield>
    </datafield>
    <datafield tag="551" ind1=" " ind2=" ">
      <subfield code="0">(DE-101)040316165</subfield>
      <subfield code="0">(DE-588)4031616-6</subfield>
      <subfield code="0">https://d-nb.info/gnd/4031616-6</subfield>
      <subfield code="a">Köthen (Anhalt)</subfield>
      <subfield code="4">ortw</subfield>
      <subfield code="4">https://d-nb.info/standards/elementset/gnd#placeOfActivity</subfield>
      <subfield code="w">r</subfield>
      <subfield code="i">Wirkungsort</subfield>
    </datafield>
    <datafield tag="551" ind1=" " ind2=" ">
      <subfield code="0">(DE-101)003019756</subfield>
      <subfield code="0">(DE-588)301975-5</subfield>
      <subfield code="0">https://d-nb.info/gnd/301975-5</subfield>
      <subfield code="a">Krotoszyn</subfield>
      <subfield code="4">ortg</subfield>
      <subfield code="4">https://d-nb.info/standards/elementset/gnd#placeOfBirth</subfield>
      <subfield code="w">r</subfield>
      <subfield code="i">Geburtsort</subfield>
    </datafield>
    <datafield tag="551" ind1=" " ind2=" ">
      <subfield code="0">(DE-101)040731626</subfield>
      <subfield code="0">(DE-588)4073162-5</subfield>
      <subfield code="0">https://d-nb.info/gnd/4073162-5</subfield>
      <subfield code="a">Kalisch</subfield>
      <subfield code="4">ortw</subfield>
      <subfield code="4">https://d-nb.info/standards/elementset/gnd#placeOfActivity</subfield>
      <subfield code="w">r</subfield>
      <subfield code="i">Wirkungsort</subfield>
    </datafield>
    <datafield tag="551" ind1=" " ind2=" ">
      <subfield code="0">(DE-101)003019756</subfield>
      <subfield code="0">(DE-588)301975-5</subfield>
      <subfield code="0">https://d-nb.info/gnd/301975-5</subfield>
      <subfield code="a">Krotoszyn</subfield>
      <subfield code="4">orts</subfield>
      <subfield code="4">https://d-nb.info/standards/elementset/gnd#placeOfDeath</subfield>
      <subfield code="w">r</subfield>
      <subfield code="i">Sterbeort</subfield>
    </datafield>
    <datafield tag="670" ind1=" " ind2=" ">
      <subfield code="a">Kiryat Sefer</subfield>
    </datafield>
    <datafield tag="670" ind1=" " ind2=" ">
      <subfield code="a">LCAuth</subfield>
    </datafield>
    <datafield tag="672" ind1=" " ind2="0">
      <subfield code="a">Leḥem ha-Panim. - 1715</subfield>
    </datafield>
    <datafield tag="678" ind1=" " ind2=" ">
      <subfield code="b">Rabbiner, aus Krotoschin, Großpolen; Synagogenvorsteher in Köthen, Anhalt (1699/1700), Rabbinatsassesor in Kalisch (1708),  starb nach 1716 in Krotoschin;  verfasste u. a. Kommentare zum Schulchan Aruch</subfield>
    </datafield>
  </record>
